
@article{fu_cost-sensitive_2024,
	title = {A cost-sensitive decision model for efficient pooled testing in mass surveillance of infectious diseases like {COVID}-19},
	volume = {14},
	rights = {Creative Commons Attribution-{NonCommercial}-{ShareAlike} 4.0 International License},
	issn = {2045-2322},
	url = {https://www.nature.com/articles/s41598-024-68930-6},
	doi = {10.1038/s41598-024-68930-6},
	pages = {18625},
	number = {1},
	journaltitle = {Scientific Reports},
	shortjournal = {Sci Rep},
	author = {Fu, Shun and Li, Junnan and Li, Hao and Yang, Jie},
	urldate = {2025-02-25},
	date = {2024-08-11},
	langid = {english},
	file = {全文:D\:\\Apps\\Zotero7\\data\\storage\\LI3MWLSM\\Fu 等 - 2024 - A cost-sensitive decision model for efficient pooled testing in mass surveillance of infectious dise.pdf:application/pdf},
}
@inproceedings{hao_multi-objective_2024,
	location = {Chengdu, China},
	title = {A Multi-Objective Optimization Model for Single-Product and Multi-Warehouse Based On {NSGA}-{II}},
	rights = {https://doi.org/10.15223/policy-029},
	isbn = {9798331519230 9798331519254},
	url = {https://ieeexplore.ieee.org/document/10873689/},
	doi = {10.1109/ICCWAMTIP64812.2024.10873689},
	eventtitle = {2024 21st International Computer Conference on Wavelet Active Media Technology and Information Processing ({ICCWAMTIP})},
	pages = {1--6},
	booktitle = {2024 21st International Computer Conference on Wavelet Active Media Technology and Information Processing ({ICCWAMTIP})},
	publisher = {{IEEE}},
	author = {Hao, Li and Huajian, Xie and Yalin, Liu},
	urldate = {2025-02-25},
	date = {2024-12-14},
	file = {A_Multi-Objective_Optimization_Model_for_Single-Product_and_Multi-Warehouse_Based_On_NSGA-II.pdf:E\:\\Paper\\Pubilish\\A_Multi-Objective_Optimization_Model_for_Single-Product_and_Multi-Warehouse_Based_On_NSGA-II.pdf:application/pdf},
}
